% Encoding: UTF-8

@Unpublished{BilderExplorativeDatenanalyseBoersch,
  author = {Ingo Boersch},
  title  = {Explorative Analyse (RapidMiner): Zwei mehrkanalige Zeitreihen gleicher Zeit mit verschiedenen Zeitpunkten},
  note   = {Bilder von der explorativen Datenanalyse},
}

@Comment{jabref-meta: databaseType:bibtex;}
