% This file was created with JabRef 2.5.
% Encoding: UTF8

@ELECTRONIC{LoremIpsum,
  author = {Christopher Jones},
  month = {11},
  year = {2009},
  title = {Lorem ipsum},
  organization = {Signale},
  address = {Berlin},
  url = {http://www.loremipsum.de/},
  owner = {Tobias Kiertscher},
  timestamp = {2009.11.03}
}

@ELECTRONIC{DN2009,
  author = {Tobias Kiertscher},
  month = {10},
  year = {2009},
  title = {Projekt Website DynamicNodes},
  howpublished = {Internet},
  url = {http://dynamicnodes.mastersign.de/},
  owner = {Tobias Kiertscher},
  timestamp = {2009.10.27}
}

@STANDARD{wiki:Literatur,
  title = {Literatur --- Wikipedia{,} Die freie Enzyklop√§die},
  author = {Wikipedia},
  year = {2009},
  note = {[Online; Stand 3. November 2009]},
  url = {http://de.wikipedia.org/w/index.php?title=Literatur&oldid=66309187}
}

@comment{jabref-meta: selector_publisher:}

@comment{jabref-meta: selector_author:}

@comment{jabref-meta: selector_journal:}

@comment{jabref-meta: selector_keywords:}

